@misc{ecs2021,
  author = {{Education Commission of the States}},
  title = {Perceptions of Postsecondary Education and Training in Rural Areas},
  year = {2021},
  url = {https://www.ecs.org/wp-content/uploads/Perceptions-of-Postsecondary-Education-and-Training-in-Rural-Areas.pdf},
  note = {Accessed 2025-06-27}
}

@misc{wadhwani2020,
  author = {Wadhwani Foundation},
  title = {Bridging the Rural-Urban Skill Gap: Innovative Approaches to Inclusive Workforce Development},
  year = {2020},
  url = {https://wadhwanifoundation.org/bridging-the-rural-urban-skill-gap-innovative-approaches-to-inclusive-workforce-development/},
  note = {Accessed 2025-06-27}
}

@misc{apprenticeship2021,
  author = {U.S. Department of Labor},
  title = {Registered Apprenticeship and Work-Based Learning: Challenges and Opportunities for Rural America},
  year = {2021},
  url = {https://www.apprenticeship.gov/sites/default/files/registered-apprenticeship-and-WBL-challenges-and-opportunities-for-rural-america.pdf},
  note = {Accessed 2025-06-27}
}

@misc{ncarlocal2020,
  author = {North Central Arkansas Workforce Development Board},
  title = {North Central Arkansas Workforce Development Area Regional and Local Plan PY2020--2023},
  year = {2020},
  url = {https://dws.arkansas.gov/wp-content/uploads/NC-PY2020-2023-Local-Plan.pdf},
  note = {Accessed 2025-06-27}
}

@misc{discover2022,
  author = {Arkansas Division of Workforce Services},
  title = {Arkansas Labor Market Report, 2022--2024},
  year = {2022},
  url = {https://discover.arkansas.gov/_docs/Publications/Projections/2022-2024/ST-WDA-2022-24.pdf},
  note = {Accessed 2025-06-27}
}

@misc{careertech2020,
  author = {Advance CTE},
  title = {Aligning to Opportunity: High Skill, High Wage, In-Demand Occupations},
  year = {2020},
  url = {https://careertech.org/wp-content/uploads/sites/default/files/files/resources/Aligning_Opportunity_HighSkill_HighWage_InDemand_0.pdf},
  note = {Accessed 2025-06-27}
}

@misc{jff2024,
  author = {Jobs for the Future},
  title = {Implementing College and Career Pathways in Rural Communities},
  year = {2024},
  url = {https://www.jff.org/wp-content/uploads/2024/03/240312_EdP_RuralPathwaysReport_March2024Version.pdf},
  note = {Accessed 2025-06-27}
}

@misc{usda2005,
  author = {U.S. Department of Agriculture},
  title = {Education as a Rural Development Strategy},
  year = {2005},
  url = {https://www.ers.usda.gov/amber-waves/2005/november/education-as-a-rural-development-strategy},
  note = {Accessed 2025-06-27}
}

@misc{ruralinnovation2023,
  author = {Center on Rural Innovation},
  title = {Equity and Economic Opportunity in Rural America},
  year = {2023},
  url = {https://ruralinnovation.us/blog/equity-economic-opportunity-rural-america/},
  note = {Accessed 2025-06-27}
}
